@article{approachByMakarandVelankar,
    author = {Velankar, Makarand},
    year = {2013},
    month = {10},
    pages = {953},
    title = {Survey paper on music beat tracking},
    volume = {2},
    journal = {http://www.ijrcct.org/index.php/ojs/article/view/373/pdf},
    doi = {10.13140/2.1.1353.7927}
}